<record><leader>00000cas a2200000 a 4500</leader><controlfield tag="001">12594133</controlfield><controlfield tag="008">850924d18871888ksuwr ne      0    0eng d</controlfield><datafield ind1=" " ind2=" " tag="010"><subfield code="a">sn 85029800 </subfield></datafield><datafield ind1=" " ind2=" " tag="040"><subfield code="a">KSH</subfield><subfield code="b">eng</subfield><subfield code="c">KSH</subfield><subfield code="d">NPT</subfield><subfield code="d">OCL</subfield><subfield code="d">OCLCQ</subfield></datafield><datafield ind1=" " ind2=" " tag="042"><subfield code="a">msc</subfield></datafield><datafield ind1="0" ind2="4" tag="245"><subfield code="a">The Stanton County eclipse.</subfield></datafield><datafield ind1=" " ind2=" " tag="260"><subfield code="a">Johnson City, Kan. :</subfield><subfield code="b">Eclipse Pub. Co.,</subfield><subfield code="c">1887-</subfield></datafield><datafield ind1=" " ind2=" " tag="300"><subfield code="a">v. ;</subfield><subfield code="c">54 cm.</subfield></datafield><datafield ind1=" " ind2=" " tag="310"><subfield code="a">Weekly</subfield></datafield><datafield ind1="0" ind2=" " tag="362"><subfield code="a">Vol. 1, no. 1 (May 27, 1887)-</subfield></datafield><datafield ind1="1" ind2=" " tag="362"><subfield code="a">Ceased in 1888.</subfield></datafield><datafield ind1=" " ind2=" " tag="500"><subfield code="a">Published by John A. Webster, Mar. 9, 1888-</subfield></datafield><datafield ind1=" " ind2=" " tag="500"><subfield code="a">"Republican."</subfield></datafield><datafield ind1=" " ind2=" " tag="515"><subfield code="a">Vol. 1, no. 2 issued July 15, 1887.</subfield></datafield><datafield ind1=" " ind2=" " tag="752"><subfield code="a">United States</subfield><subfield code="b">Kansas</subfield><subfield code="c">Stanton</subfield><subfield code="d">Johnson City.</subfield></datafield><datafield ind1="0" ind2="0" tag="785"><subfield code="t">Johnson City journal (Johnson City, Kan.)</subfield><subfield code="w">(DLC)sn 85029801</subfield></datafield><datafield ind1="1" ind2=" " tag="029"><subfield code="a">AU@</subfield><subfield code="b">000022172503</subfield></datafield></record>